@book{fowler,
 author = {Fowler, Martin},
 title = {UML Distilled: A Brief Guide to the Standard Object Modeling Language},
 year = {2003},
 isbn = {0321193687},
 edition = {3},
 publisher = {Addison-Wesley Longman Publishing Co., Inc.},
 address = {Boston, MA, USA},
} 

@INPROCEEDINGS{c2, 
author={M. R. V. Chaudron}, 
booktitle={2017 IEEE/ACM 9th International Workshop on Modelling in Software Engineering (MiSE)}, 
title={Empirical Studies into UML in Practice: Pitfalls and Prospects}, 
year={2017}, 
volume={}, 
number={}, 
pages={3-4}, 
keywords={software maintenance;Unified Modeling Language;UML;software modeling;software development;software maintenance;Modeling in Software Engineering;MiSE workshop;ICSE 2017;model-based software development;Unified modeling language;Software;Computational modeling;Software engineering;Biological system modeling;Context;Conferences;Software Modeling;Software Design;UML;Model-based software development;Empirical Software Engineering}, 
doi={10.1109/MiSE.2017.24}, 
ISSN={}, 
month={May},}

@INPROCEEDINGS{c3,
author = {Farias, Kleinner and Gon√ßales, Lucian and Bischoff, Vinicius and da Silva, Bruno and Guimaraes, Everton and Nogle, Jacob},
title = {On the UML use in the Brazilian industry: A state of the practice survey},
year = {2018},
month = {06},
pages = {},
}

@inproceedings{c4,
 author = {Nugroho, Ariadi and Chaudron, Michel R.V.},
 title = {A Survey into the Rigor of UML Use and Its Perceived Impact on Quality and Productivity},
 booktitle = {Proceedings of the Second ACM-IEEE International Symposium on Empirical Software Engineering and Measurement},
 series = {ESEM '08},
 year = {2008},
 isbn = {978-1-59593-971-5},
 location = {Kaiserslautern, Germany},
 pages = {90--99},
 numpages = {10},
 url = {http://doi.acm.org/10.1145/1414004.1414020},
 doi = {10.1145/1414004.1414020},
 acmid = {1414020},
 publisher = {ACM},
 address = {New York, NY, USA},
 keywords = {completeness, consistency, correspondence, level of detail, unified modeling language},
} 

@inproceedings{c5,
 author = {St\"{o}rrle, Harald},
 title = {How Are Conceptual Models Used in Industrial Software Development?: A Descriptive Survey},
 booktitle = {Proceedings of the 21st International Conference on Evaluation and Assessment in Software Engineering},
 series = {EASE'17},
 year = {2017},
 isbn = {978-1-4503-4804-1},
 location = {Karlskrona, Sweden},
 pages = {160--169},
 numpages = {10},
 url = {http://doi.acm.org/10.1145/3084226.3084256},
 doi = {10.1145/3084226.3084256},
 acmid = {3084256},
 publisher = {ACM},
 address = {New York, NY, USA},
} 

@INPROCEEDINGS{c6, 
author={T. Ho-Quang and R. Hebig and G. Robles and M. R. V. Chaudron and M. A. Fernandez}, 
booktitle={2017 IEEE/ACM 39th International Conference on Software Engineering: Software Engineering in Practice Track (ICSE-SEIP)}, 
title={Practices and Perceptions of UML Use in Open Source Projects}, 
year={2017}, 
volume={}, 
number={}, 
pages={203-212}, 
keywords={Unified Modeling Language;UML;open source projects;Unified Modeling Language;software modeling;Unified modeling language;Industries;Software;Planning;Documentation;Companies;Tools;UML;UML use;impacts of UML;architecture documentation;OSS projects;GitHub;team communication}, 
doi={10.1109/ICSE-SEIP.2017.28}, 
ISSN={}, 
month={May},}

@article{c7,
 author = {Chaudron, Michel R. and Heijstek, Werner and Nugroho, Ariadi},
 title = {How Effective is UML Modeling ?},
 journal = {Softw. Syst. Model.},
 issue_date = {October   2012},
 volume = {11},
 number = {4},
 month = oct,
 year = {2012},
 issn = {1619-1366},
 pages = {571--580},
 numpages = {10},
 url = {http://dx.doi.org/10.1007/s10270-012-0278-4},
 doi = {10.1007/s10270-012-0278-4},
 acmid = {2400300},
 publisher = {Springer-Verlag New York, Inc.},
 address = {Secaucus, NJ, USA},
 keywords = {Costs and benefits, Effectiveness, Productivity, Quality, Unified Modeling Language},
} 

@misc {c8,
author = {Nogle, Jacob},
title = {Survey questionnaire for the Empirical Study on the Use and Effectiveness of UML in California Software Industry}, 
year = {2018},
note = {available at \url{https://drive.google.com/file/d/100_L7zYoOvybuG45_U8dU8LkIUCpKGYJ/view?usp=sharing}},
}

@misc {c9,
author = {Nogle, Jacob},
title = {Survey questionnaire for the Empirical Study on the Use and Effectiveness of UML in California Software Industry, Student Version}, 
year = {2018},
note = {available at \url{https://drive.google.com/file/d/1ns9Yhe3F6LQRpcKk4GrvVN5lZ2pMSRTE/view?usp=sharing}},
}

